@book{qiujin,
  title={近世代数},
  author={丘维声},
  year={2015},
  publisher={北京大学出版社}
}

@book{zhugao,
  title={高等代数例选通过范例学技巧},
  author={朱尧辰},
  year={2015},
  publisher={哈尔滨工业大学出版社}
}

@book{qiugaoshang,
  title={高等代数: 上册},
  author={丘维声},
  year={2010},
  publisher={清华大学出版社}
}

@book{qiugaoxia,
  title={高等代数: 下册},
  author={丘维声},
  year={2010},
  publisher={清华大学出版社}
}